@book{neumann_1947_theory,
  author = {Neumann, Von and Oskar Morgenstern},
  publisher = {Princeton University Press},
  title = {Theory of Games and Economic Behavior. (Second edition.).},
  year = {1947}
}
@book{Nash_1960_theory,
  author = {Nash, J, F.},
  publisher = {Princeton University Press},
  title = {Non-Cooperative Games.},
  year = {1950}
}
@book{harsanyi_1967_theory,
  author = {Harsanyi, John C.},
  publisher = {Management Science},
  title = {Games with Incomplete Information Played by Bayesian Players.},
  year = {1967}
}
@book{Selten_1965_theory,
  author = {Selten, Reinhard.},
  publisher = {Princeton University Press},
  title = {Theory of Games and Economic Behavior. (Second edition.).},
  year = {1965}
}
@book{aumann_1959_theory,
  author = {Aumann, Rpbert. J.},
  publisher = {Princeton University Press},
  title = {Acceptable Points in General Cooperative n-Person Games, inA. W. Tucker and R. D. Luce (eds.)},
  year = {1959}
}
@book{schelling_1980_theory,
  author = {Schelling, Thomas C.},
  publisher = {Harvard University Press},
  title = {The Strategy of Conflict (Reprint, illustrated and revised. ed.).},
  year = {1980}
}

@book{myerson_1980_theory,
  author = {Myerson, Roger B. },
  publisher = {Harvard University Press},
  title = {Game Theory: Analysis of Conflict.},
  year = {1991}
}

@article{10.2307/1969529,
 ISSN = {0003486X},
 URL = {http://www.jstor.org/stable/1969529},
 author = {John Nash},
 journal = {Annals of Mathematics},
 number = {2},
 pages = {286--295},
 publisher = {Annals of Mathematics},
 title = {Non-Cooperative Games},
 urldate = {2022-04-10},
 volume = {54},
 year = {1951}
}
@book{neumann_1944_theory,
  author = {Neumann, Von and Oskar Morgenstern},
  journal = {Nature},
 number = {157},
 pages = {172},
 volume = {3981},
  publisher = {Princeton University Press},
  title = {Theory of Games and Economic Behavior. (First Edition.).},
  year = {1944}
}

@book{shoham_2008_multiagent,
  author = { Shoham, Yoav and Leyton-Brown, Kevin},
  publisher = {Cambridge University Press},
  title = {Multiagent Systems Algorithmic, Game-Theoretic, and Logical Foundations},
  year = {2008}
}

@book{osborne_1994_a,
  author = {Osborne, Martin J and Rubinstein, Ariel},
  publisher = {Mit Press},
  title = {A course in game theory},
  year = {1994}
}

@article{fudenberg1991perfect,
  title={Perfect Bayesian equilibrium and sequential equilibrium},
  author={Fudenberg, Drew and Tirole, Jean},
  journal={journal of Economic Theory},
  volume={53},
  number={2},
  pages={236--260},
  year={1991},
  publisher={Elsevier}
}

  @article{newton_2018, title={Evolutionary game theory: A Renaissance}, volume={9}, DOI={10.3390/g9020031}, number={2}, journal={Games}, author={Newton, Jonathan}, year={2018}, pages={31}} 
